@article{crick1970central,
  title={Central dogma of molecular biology},
  author={Crick, Francis},
  journal={Nature},
  volume={227},
  number={5258},
  pages={561},
  year={1970},
  publisher={Nature Publishing Group}
}

@article{schug2005promoter,
  title={Promoter features related to tissue specificity as measured by Shannon entropy},
  author={Schug, Jonathan and Schuller, Winfried-Paul and Kappen, Claudia and Salbaum, J Michael and Bucan, Maja and Stoeckert, Christian J},
  journal={Genome biology},
  volume={6},
  number={4},
  pages={R33},
  year={2005},
  publisher={BioMed Central}
}

@article{metsis2004whole,
  title={Whole-genome expression profiling through fragment display and combinatorial gene identification},
  author={Metsis, Ats and Andersson, Ulf and Baurn, Gran and Ernfors, Patrik and Lnnerberg, Peter and Montelius, Andreas and Oldin, Mats and Pihlak, Arno and Linnarsson, Sten},
  journal={Nucleic acids research},
  volume={32},
  number={16},
  pages={e127--e127},
  year={2004},
  publisher={Oxford University Press}
}

@article{lowe2017transcriptomics,
  title={Transcriptomics technologies},
  author={Lowe, Rohan and Shirley, Neil and Bleackley, Mark and Dolan, Stephen and Shafee, Thomas},
  journal={PLoS computational biology},
  volume={13},
  number={5},
  pages={e1005457},
  year={2017},
  publisher={Public Library of Science}
}

@article{hayflick1961serial,
  title={The serial cultivation of human diploid cell strains},
  author={Hayflick, Leonard and Moorhead, Paul S},
  journal={Experimental cell research},
  volume={25},
  number={3},
  pages={585--621},
  year={1961},
  publisher={Elsevier}
}

@article{de2017fountain,
  title={The fountain of youth by targeting senescent cells?},
  author={de Keizer, Peter LJ},
  journal={Trends in molecular medicine},
  volume={23},
  number={1},
  pages={6--17},
  year={2017},
  publisher={Elsevier}
}

@article{pan2017inhibition,
  title={Inhibition of Bcl-2/xl with ABT-263 selectively kills senescent type II pneumocytes and reverses persistent pulmonary fibrosis induced by ionizing radiation in mice},
  author={Pan, Jin and Li, Deguan and Xu, Yanfeng and Zhang, Junling and Wang, Yueying and Chen, Mengyi and Lin, Shuai and Huang, Lan and Chung, Eun Joo and Citrin, Deborah E and others},
  journal={International Journal of Radiation Oncology* Biology* Physics},
  volume={99},
  number={2},
  pages={353--361},
  year={2017},
  publisher={Elsevier}
}

@article{hwang2018single,
  title={Single-cell RNA sequencing technologies and bioinformatics pipelines},
  author={Hwang, Byungjin and Lee, Ji Hyun and Bang, Duhee},
  journal={Experimental \& molecular medicine},
  volume={50},
  number={8},
  pages={96},
  year={2018},
  publisher={Nature Publishing Group}
}

@article{papalexi2018single,
  title={Single-cell RNA sequencing to explore immune cell heterogeneity},
  author={Papalexi, Efthymia and Satija, Rahul},
  journal={Nature Reviews Immunology},
  volume={18},
  number={1},
  pages={35},
  year={2018},
  publisher={Nature Publishing Group}
}

@article{steinhoff2006normalization,
  title={Normalization and quantification of differential expression in gene expression microarrays},
  author={Steinhoff, Christine and Vingron, Martin},
  journal={Briefings in bioinformatics},
  volume={7},
  number={2},
  pages={166--177},
  year={2006},
  publisher={Oxford University Press}
}

@article{macparland2018single,
  title={Single cell RNA sequencing of human liver reveals distinct intrahepatic macrophage populations},
  author={MacParland, Sonya A and Liu, Jeff C and Ma, Xue-Zhong and Innes, Brendan T and Bartczak, Agata M and Gage, Blair K and Manuel, Justin and Khuu, Nicholas and Echeverri, Juan and Linares, Ivan and others},
  journal={Nature communications},
  volume={9},
  number={1},
  pages={4383},
  year={2018},
  publisher={Nature Publishing Group}
}

@book{jolliffe2011principal,
  title={Principal component analysis},
  author={Jolliffe, Ian},
  year={2011},
  publisher={Springer}
}

@article{maaten2008visualizing,
  title={Visualizing data using t-SNE},
  author={Maaten, Laurens van der and Hinton, Geoffrey},
  journal={Journal of machine learning research},
  volume={9},
  number={Nov},
  pages={2579--2605},
  year={2008}
}

@article{pareek2011sequencing,
  title={Sequencing technologies and genome sequencing},
  author={Pareek, Chandra Shekhar and Smoczynski, Rafal and Tretyn, Andrzej},
  journal={Journal of applied genetics},
  volume={52},
  number={4},
  pages={413--435},
  year={2011},
  publisher={Springer}
}

@article{haque2017practical,
  title={A practical guide to single-cell RNA-sequencing for biomedical research and clinical applications},
  author={Haque, Ashraful and Engel, Jessica and Teichmann, Sarah A and L{\"o}nnberg, Tapio},
  journal={Genome medicine},
  volume={9},
  number={1},
  pages={75},
  year={2017},
  publisher={BioMed Central}
}

@article{macparland2018single,
  title={Single cell RNA sequencing of human liver reveals distinct intrahepatic macrophage populations},
  author={MacParland, Sonya A and Liu, Jeff C and Ma, Xue-Zhong and Innes, Brendan T and Bartczak, Agata M and Gage, Blair K and Manuel, Justin and Khuu, Nicholas and Echeverri, Juan and Linares, Ivan and others},
  journal={Nature communications},
  volume={9},
  number={1},
  pages={4383},
  year={2018},
  publisher={Nature Publishing Group}
}

@article{ilicic2016classification,
  title={Classification of low quality cells from single-cell RNA-seq data},
  author={Ilicic, Tomislav and Kim, Jong Kyoung and Kolodziejczyk, Aleksandra A and Bagger, Frederik Otzen and McCarthy, Davis James and Marioni, John C and Teichmann, Sarah A},
  journal={Genome biology},
  volume={17},
  number={1},
  pages={29},
  year={2016},
  publisher={BioMed Central}
}

@article{smith2017umi,
  title={UMI-tools: modeling sequencing errors in Unique Molecular Identifiers to improve quantification accuracy},
  author={Smith, Tom and Heger, Andreas and Sudbery, Ian},
  journal={Genome research},
  volume={27},
  number={3},
  pages={491--499},
  year={2017},
  publisher={Cold Spring Harbor Lab}
}

@article{team2013r,
  title={R: A language and environment for statistical computing},
  author={Team, R Core and others},
  year={2013},
  publisher={Vienna, Austria}
}

@article{cole2019performance,
  title={Performance assessment and selection of normalization procedures for single-cell RNA-seq},
  author={Cole, Michael B and Risso, Davide and Wagner, Allon and DeTomaso, David and Ngai, John and Purdom, Elizabeth and Dudoit, Sandrine and Yosef, Nir},
  journal={Cell systems},
  volume={8},
  number={4},
  pages={315--328},
  year={2019},
  publisher={Elsevier}
}

@article{evans2017selecting,
  title={Selecting between-sample RNA-Seq normalization methods from the perspective of their assumptions},
  author={Evans, Ciaran and Hardin, Johanna and Stoebel, Daniel M},
  journal={Briefings in bioinformatics},
  volume={19},
  number={5},
  pages={776--792},
  year={2017},
  publisher={Oxford University Press}
}

 @Article{seurat,
    author = {Tim Stuart and Andrew Butler and Paul Hoffman and Christoph Hafemeister and Efthymia Papalexi and William M Mauck III and Marlon Stoeckius and Peter Smibert and Rahul Satija},
    title = {Comprehensive integration of single cell data},
    journal = {bioRxiv},
    year = {2018},
    doi = {10.1101/460147},
    url = {https://www.biorxiv.org/content/10.1101/460147v1},
  }

@article{kursa2010feature,
  title={Feature selection with the Boruta package},
  author={Kursa, Miron B and Rudnicki, Witold R and others},
  journal={J Stat Softw},
  volume={36},
  number={11},
  pages={1--13},
  year={2010}
}

@article{brennecke2013accounting,
  title={Accounting for technical noise in single-cell RNA-seq experiments},
  author={Brennecke, Philip and Anders, Simon and Kim, Jong Kyoung and Ko{\l}odziejczyk, Aleksandra A and Zhang, Xiuwei and Proserpio, Valentina and Baying, Bianka and Benes, Vladimir and Teichmann, Sarah A and Marioni, John C and others},
  journal={Nature methods},
  volume={10},
  number={11},
  pages={1093},
  year={2013},
  publisher={Nature Publishing Group}
}

@article{yip2017linnorm,
  title={Linnorm: improved statistical analysis for single cell RNA-seq expression data},
  author={Yip, Shun H and Wang, Panwen and Kocher, Jean-Pierre A and Sham, Pak Chung and Wang, Junwen},
  journal={Nucleic acids research},
  volume={45},
  number={22},
  pages={e179--e179},
  year={2017},
  publisher={Oxford University Press}
}

@article{yip2018evaluation,
  title={Evaluation of tools for highly variable gene discovery from single-cell RNA-seq data},
  author={Yip, Shun H and Sham, Pak Chung and Wang, Junwen},
  journal={Brief Bioinform},
  pages={bby011},
  year={2018}
}

@article{stuart2019comprehensive,
  title={Comprehensive Integration of Single-Cell Data},
  author={Stuart, Tim and Butler, Andrew and Hoffman, Paul and Hafemeister, Christoph and Papalexi, Efthymia and Mauck III, William M and Hao, Yuhan and Stoeckius, Marlon and Smibert, Peter and Satija, Rahul},
  journal={Cell},
  year={2019},
  publisher={Elsevier}
}

@article{ringner2008principal,
  title={What is principal component analysis?},
  author={Ringn{\'e}r, Markus},
  journal={Nature biotechnology},
  volume={26},
  number={3},
  pages={303},
  year={2008},
  publisher={Nature Publishing Group}
}

@article{wold1987principal,
  title={Principal component analysis},
  author={Wold, Svante and Esbensen, Kim and Geladi, Paul},
  journal={Chemometrics and intelligent laboratory systems},
  volume={2},
  number={1-3},
  pages={37--52},
  year={1987},
  publisher={Elsevier}
}

@article{maaten2008visualizing,
  title={Visualizing data using t-SNE},
  author={Maaten, Laurens van der and Hinton, Geoffrey},
  journal={Journal of machine learning research},
  volume={9},
  number={Nov},
  pages={2579--2605},
  year={2008}
}

@article{chung2018jackstraw,
  title={jackstraw: Statistical Inference using Latent Variables},
  author={Chung, Neo Christopher},
  journal={dim (Y)},
  volume={1},
  number={1000},
  pages={20},
  year={2018}
}
